<record><leader>00000cas a2200000 a 4500</leader><controlfield tag="001">11931704</controlfield><controlfield tag="008">850417d18651877iludn ne      0   b0ger c</controlfield><datafield ind1=" " ind2=" " tag="010"><subfield code="a">sn 85033401 </subfield></datafield><datafield ind1=" " ind2=" " tag="040"><subfield code="a">NPU</subfield><subfield code="b">eng</subfield><subfield code="c">NPU</subfield><subfield code="d">NVF</subfield><subfield code="d">OCL</subfield><subfield code="d">NVF</subfield><subfield code="d">OCLCQ</subfield><subfield code="d">OCLCF</subfield><subfield code="d">OCLCO</subfield><subfield code="d">NVF</subfield><subfield code="d">OCLCO</subfield><subfield code="d">OCL</subfield></datafield><datafield ind1=" " ind2=" " tag="042"><subfield code="a">pcc</subfield></datafield><datafield ind1=" " ind2=" " tag="043"><subfield code="a">n-us-il</subfield></datafield><datafield ind1="0" ind2=" " tag="130"><subfield code="a">Stern des Westens (Belleville, Ill. : Daily)</subfield></datafield><datafield ind1="1" ind2="0" tag="242"><subfield code="a">Star of the West.</subfield><subfield code="y">eng</subfield></datafield><datafield ind1="1" ind2="4" tag="245"><subfield code="a">Der Stern des Westens.</subfield></datafield><datafield ind1=" " ind2=" " tag="250"><subfield code="a">Ta&#776;gliche Ausg.</subfield></datafield><datafield ind1=" " ind2=" " tag="260"><subfield code="a">Belleville, Ill. :</subfield><subfield code="b">Daniel Hertle und Georg Semmelroth,</subfield><subfield code="c">-1877.</subfield></datafield><datafield ind1=" " ind2=" " tag="300"><subfield code="a">volumes ;</subfield><subfield code="c">61 cm.</subfield></datafield><datafield ind1=" " ind2=" " tag="310"><subfield code="a">Daily (except Sunday),</subfield><subfield code="b">Apr. 22, 1872-Oct. 20, 1877</subfield></datafield><datafield ind1=" " ind2=" " tag="321"><subfield code="a">Daily (except Monday),</subfield><subfield code="b">&lt;July 4, 1868&gt;-Apr. 21, 1872</subfield></datafield><datafield ind1="1" ind2=" " tag="362"><subfield code="a">Began in 1865?</subfield></datafield><datafield ind1="0" ind2=" " tag="362"><subfield code="a">-13. Jahrg., Nr. 93 (20. Okt. 1877).</subfield></datafield><datafield ind1=" " ind2=" " tag="546"><subfield code="a">In German.</subfield></datafield><datafield ind1=" " ind2=" " tag="580"><subfield code="a">Weekly ed.: Wo&#776;chentlicher Stern des Westens, &lt;1869&gt;-1877.</subfield></datafield><datafield ind1=" " ind2=" " tag="580"><subfield code="a">Merged with: Belleviller Zeitung (Belleville, Ill. : 1876), to form: Ta&#776;gliche Belleviller Zeitung und &quot;Stern des Westens.&quot;</subfield></datafield><datafield ind1=" " ind2=" " tag="588"><subfield code="a">Description based on: 4. Jahrg., no. 1 (4. Juli 1868).</subfield></datafield><datafield ind1=" " ind2="0" tag="650"><subfield code="a">German Americans</subfield><subfield code="z">Illinois</subfield><subfield code="z">Belleville</subfield><subfield code="v">Newspapers.</subfield></datafield><datafield ind1=" " ind2="0" tag="650"><subfield code="a">German American newspapers</subfield><subfield code="z">Illinois</subfield><subfield code="z">Belleville.</subfield></datafield><datafield ind1=" " ind2="0" tag="650"><subfield code="a">Germans</subfield><subfield code="z">Illinois</subfield><subfield code="z">Belleville</subfield><subfield code="v">Newspapers.</subfield></datafield><datafield ind1=" " ind2="0" tag="651"><subfield code="a">Belleville (Ill.)</subfield><subfield code="v">Newspapers.</subfield></datafield><datafield ind1=" " ind2="7" tag="655"><subfield code="a">Newspapers.</subfield><subfield code="2">fast</subfield><subfield code="0">(OCoLC)fst01423814</subfield></datafield><datafield ind1=" " ind2="7" tag="650"><subfield code="a">German American newspapers.</subfield><subfield code="2">fast</subfield><subfield code="0">(OCoLC)fst00941297</subfield></datafield><datafield ind1=" " ind2="7" tag="650"><subfield code="a">German Americans.</subfield><subfield code="2">fast</subfield><subfield code="0">(OCoLC)fst00941308</subfield></datafield><datafield ind1=" " ind2="7" tag="650"><subfield code="a">Germans.</subfield><subfield code="2">fast</subfield><subfield code="0">(OCoLC)fst00942100</subfield></datafield><datafield ind1=" " ind2="7" tag="651"><subfield code="a">Illinois</subfield><subfield code="z">Belleville.</subfield><subfield code="2">fast</subfield><subfield code="0">(OCoLC)fst01202799</subfield></datafield><datafield ind1=" " ind2=" " tag="752"><subfield code="a">United States</subfield><subfield code="b">Illinois</subfield><subfield code="c">Saint Clair County</subfield><subfield code="d">Belleville.</subfield></datafield><datafield ind1="1" ind2=" " tag="775"><subfield code="t">Wo&#776;chentlicher Stern des Westens</subfield><subfield code="w">(DLC)sn 85033402</subfield><subfield code="w">(OCoLC)11931690</subfield></datafield><datafield ind1="1" ind2="7" tag="785"><subfield code="t">Belleviller Zeitung (Belleville, Ill. : 1876)</subfield><subfield code="w">(DLC)sn 91055899</subfield><subfield code="w">(OCoLC)24956668</subfield></datafield><datafield ind1="1" ind2="7" tag="785"><subfield code="t">Ta&#776;gliche Belleviller Zeitung und &quot;Stern des Westens&quot;</subfield><subfield code="w">(DLC)sn 91055900</subfield><subfield code="w">(OCoLC)24957004</subfield></datafield></record>